@manual{NBR6023:2002,
address={Rio de Janeiro},
month={ago.},
organization={Associa{\c c}\~ao Brasileira de Normas T\'ecnicas},
org-short={ABNT},
subtitle={Informa{\c c}\~ao e documenta{\c c}\~ao: Refer\^encias},
title={{NBR} 6023},
year={2002}}

@manual{NBR10520:2002,
address={Rio de Janeiro},
month={ago.},
organization={Associa{\c c}\~ao Brasileira de Normas T\'ecnicas},
org-short={ABNT},
subtitle={Informa{\c c}\~ao e documenta{\c c}\~ao - Cita{\c c}\~oes em documentos},
title={{NBR} 10520},
year={2002}}

@manual{NBR6027:2003,
address={Rio de Janeiro},
month={mai.},
organization={Associa{\c c}\~ao Brasileira de Normas T\'ecnicas},
org-short={ABNT},
subtitle={Informa{\c c}\~ao e documenta{\c c}\~ao: Sum\'ario},
title={{NBR} 6027},
year={2003}}

@manual{NBR6028:2003,
address={Rio de Janeiro},
month={nov.},
organization={Associa{\c c}\~ao Brasileira de Normas T\'ecnicas},
org-short={ABNT},
subtitle={Informa{\c c}\~ao e documenta{\c c}\~ao: Refer\^encias: Resumo},
title={{NBR} 6028},
year={2003}}

@manual{NBR14724:2011,
address={Rio de Janeiro},
organization={Associa{\c c}\~ao Brasileira de Normas T\'ecnicas},
org-short={ABNT},
subtitle={Informa{\c c}\~ao e documenta{\c c}\~ao: Refer\^encias: Trabalhos acad\^emicos},
title={{NBR} 14724},
year={2011}}